 

@Book{bib:book,
  Title                    = {Title of a book},
  Author                   = {Name Surname and Name Surname},
  Publisher                = {Publisher},
  Year                     = {2017},
  Address                  = {Hong Kong},
  ISBN                     = {83-204-3229-9-434}
}



@Book{bib:MicrosoftWinInternals,
  Title                    = {Microsoft Windows Internals},
  Author                   = {Mark Russinovich and David A. Solomon},
  Publisher                = {Microsoft Press},
  Year                     = {2005},
  Address                  = {Redmond, Washington},
  ISBN                     = {0-7356-1917-4}
}

@Article{bib:article,
  Title                    = {Title of an article in a journal},
  Author                   = {Surname, Name and Nama Surname},
  Journal                  = {Journal Title},
  Year                     = {2016},
  Number                   = {8},
  Pages                    = {1092--1113},
  Volume                   = {157}
}

@article{bib:forest,
  Author                   = {Forrest, Stephanie and Hofmeyr, Steven A. and Somayaji, Anil},
  Title                    = {Computer Immunology},
  Year                     = {1997},
  Volume                   = {40},
  Number                   = {10},
  Journal                  = {Commun. ACM},
  Pages                    = {88--96}
}

@Article{bib:articleImportanceOfCybersecurity,
  Title                    = {Importance of Cyber Security},
  Author                   = {Goutam, Rajesh Kumar},
  Journal                  = {International Journal of Computer Applications},
  Year                     = {2016},
  Number                   = {7},
  Pages                    = {4},
  Volume                   = {111}
}

@Article{bib:autoencoder,
  Title={Autoencoders},
  Author={Bank, Dor and Koenigstein, Noam and Giryes, Raja},
  Journal={arXiv preprint arXiv:2003.05991},
  Year={2020}
}

@Article{bib:mca,
  Title={Multiple correspondence analysis},
  Author={Abdi, Herv{\'e} and Valentin, Dominique},
  Journal={Encyclopedia of measurement and statistics},
  Volume={2},
  Number={4},
  Pages={651--657},
  Year={2007}
}

@Article{bib:dirtycat,
  Title={Similarity encoding for learning with dirty categorical variables},
  Author={Cerda, Patricio and Varoquaux, Ga{\"e}l and K{\'e}gl, Bal{\'a}zs},
  Journal={Machine Learning},
  Volume={107},
  Number={8},
  Pages={1477--1494},
  Year={2018},
  Publisher={Springer}
}

@InProceedings{bib:lane1997application,
  Title                    = {An application of machine learning to anomaly detection},
  Author                   = {Lane, Terran and Brodley, Carla E},
  Booktitle                = {Proceedings of the 20th National Information Systems Security Conference},
  Year                     = {1997}, 
  Pages                    = {366--380},
  Organization             = {Baltimore, USA},
  Volume                   = {377}
}
 
@InProceedings{bib:rsvm,
  Title                    = {Robust Support Vector Machines for Anomaly Detection in Computer Security.},
  Author                   = {Hu, Wenjie and Liao, Yihua and Vemuri, V Rao},
  Booktitle                = {ICMLA},
  Year                     = {2003}, 
  Pages                    = {168--174}
}

@InProceedings{bib:autoencoderDist,
  Title                    = {Anomaly detection on the edge},
  Author                   = {Schneible, Joseph and Lu, Alex},
  Booktitle                = {MILCOM 2017 - 2017 IEEE Military Communications Conference (MILCOM)},
  Year                     = {2017}, 
  Pages                    = {678--682}
}


@InProceedings{bib:conference,
  Title                    = {Title of a conference article},
  Author                   = {Name Surname and Surname, Name and N. Surname},
  Booktitle                = {Conference title},
  Year                     = {2006}, 
  Pages                    = {5346--5349}
}

@InProceedings{bib:malwclass,
  Author = {Kang, Boojoong and Kim, Taekeun and Kwon, Heejun and Choi, Yangseo and Im, Eul Gyu},
  Title = {Malware Classification Method via Binary Content Comparison},
  Year = {2012},
  Booktitle = {Proceedings of the 2012 ACM Research in Applied Computation Symposium},
  Pages = {316-â€“321},
}

@misc{bib:PerfView,
  author                   = {Vance Morrison},
  title                    = {PerfView},
  howpublished             = {\url{https://github.com/microsoft/perfview}},
  note                     = {[access date: 2021-08-08]}
} 

@misc{bib:CVE21224,
  author                   = {},
  title                    = {CVE-2021-21224},
  howpublished             = {\url{https://www.cvedetails.com/cve/CVE-2021-21224/}},
  note                     = {[access date: 2021-08-08]}
} 

@misc{bib:edgeRelease,
  author                   = {},
  title                    = {Edge Release Notes},
  howpublished             = {\url{https://docs.microsoft.com/en-us/deployedge/microsoft-edge-relnotes-security}},
  note                     = {[access date: 2021-08-08]}
} 



@misc{bib:sampleExploit,
  author                   = {frust},
  title                    = {Sample Exploit},
  howpublished             = {\url{https://github.com/avboy1337/1195777-chrome0day}},
  note                     = {[access date: 2021-08-08]}
} 

@misc{bib:googleBlog,
  author                   = {Maddie Stone, Clement Lecigne},
  title                    = {Google Threat Analysis},
  howpublished             = {\url{https://blog.google/threat-analysis-group/how-we-protect-users-0-day-attacks/}},
  note                     = {[access date: 2021-08-08]}
} 

@misc{bib:jupyter,
  author                   = {},
  title                    = {Jupyter},
  howpublished             = {\url{https://jupyter.org/}},
  note                     = {[access date: 2021-08-08]}
}

@misc{bib:wpa,
  author                   = {},
  title                    = {Windows Performance Analyzer},
  howpublished             = {\url{https://www.microsoft.com/pl-pl/p/windows-performance-analyzer/9n0w1b2bxgnz}},
  note                     = {[access date: 2021-08-08]}
}

@misc{bib:ocsvm,
  author                   = {Drew Wilimitis},
  title                    = {One Class Support Vector Machine},
  howpublished             = {\url{https://towardsdatascience.com/the-kernel-trick-c98cdbcaeb3f}},
  note                     = {[access date: 2021-08-08]}
}

@misc{bib:svms,
  author                   = {},
  title                    = {Support Vector Machines},
  howpublished             = {\url{https://scikit-learn.org/stable/modules/svm.html}},
  note                     = {[access date: 2021-08-10]}
}

@misc{bib:etwcsharp,
  author                   = {},
  title                    = {Event Trace for Windows API C\#},
  howpublished             = {\url{https://www.nuget.org/packages/Microsoft.Windows.EventTracing.Processing.All}},
  note                     = {[access date: 2021-08-10]}
}


@misc{bib:etwcpp,
  author                   = {},
  title                    = {Event Trace for Windows API C\/C++},
  howpublished             = {\url{https://docs.microsoft.com/en-us/windows/win32/tracelogging/trace-logging-about}},
  note                     = {[access date: 2021-08-10]}
}

@misc{bib:pymca,
  author                   = {},
  title                    = {Multiple Correspondance Analysis},
  howpublished             = {\url{https://pypi.org/project/mca/}},
  note                     = {[access date: 2021-08-10]}
}

@misc{bib:dll,
  author                   = {},
  title                    = {Dynamic Link Library},
  howpublished             = {\url{https://docs.microsoft.com/en-US/troubleshoot/windows-client/deployment/dynamic-link-library}},
  note                     = {[access date: 2021-08-10]}
}
